%%%%%%%%%%%%%%%%%%%%%%%%%%%%%%%%%%%%%%%%%%
% Title:  Electoral behavior and party competition: continuity and change in Western Europe  %
% Author: Alvaro Canalejo-Molero                                                                                               %
%%%%%%%%%%%%%%%%%%%%%%%%%%%%%%%%%%%%%%%%%%


@book{Bartolini1990,
	title = {Identity and availability. {The} {Stabilization} of the {European} {Electorates}, 1885-1985},
	publisher = {Cambridge University Press, Cambridge},
	author = {Bartolini, Stefano and Mair, Peter},
	year = {1990}
}


@article{Fiorina1978,
	title = {Economic retrospective voting in {American} national elections: {A} micro--analysis},
	journal = {American Journal of Political Science},
	author = {Fiorina, Morris P},
	year = {1978},
	pages = {426--443}
}

@article{Mair1998,
	title = {The party family and its study},
	volume = {1},
	number = {1},
	journal = {Annual Review of Political Science},
	author = {Mair, Peter and Mudde, Cas},
	year = {1998},
	pages = {211--229}
}

@article{Kriesi2006,
	title = {Globalization and the transformation of the national political space: {Six} {European} countries compared},
	volume = {45},
	number = {6},
	journal = {European Journal of Political Research},
	author = {Kriesi, Hanspeter and Grande, Edgar and Lachat, Romain and Dolezal, Martin and Bornschier, Simon and Frey, Timotheos},
	year = {2006},
	pages = {921--956}
}

@book{Mair2013,
	title = {Ruling the void: {The} hollowing of {Western} democracy},
	publisher = {Verso Books},
	author = {Mair, Peter},
	year = {2013}
}

@article{Spoon2019,
	title = {Party convergence and vote switching: {Explaining} mainstream party decline across {Europe}},
	journal = {European Journal of Political Research},
	author = {Spoon, Jae--Jae and Kl{\"u}ver, Heike},
	year = {2019}
}

@article{Mair1993,
	title = {Myths of electoral change and the survival of traditional parties: {The} 1992 {Stein} {Rokkan} {Lecture}},
	volume = {24},
	number = {2},
	journal = {European Journal of Political Research},
	author = {Mair, Peter},
	year = {1993},
	pages = {121--133}
}

@article{Bornschier2010,
	title = {The new cultural divide and the two--dimensional political space in {Western} {Europe}},
	volume = {33},
	number = {3},
	journal = {West European Politics},
	author = {Bornschier, Simon},
	year = {2010},
	pages = {419--444}
}

@book{Mair1997,
	title = {Party system change: approaches and interpretations},
	publisher = {Oxford University Press},
	author = {Mair, Peter},
	year = {1997}
}

@article{mair1997party,
  title={Party systems and structures of competition},
  author={Mair, Peter},
  journal={Party system change: approaches and interpretations. Oxford University Press},
  year={1997}
}

@book{Dalton2002,
	title = {Parties without partisans: {Political} change in advanced industrial democracies},
	publisher = {Oxford University Press on Demand},
	author = {Dalton, Russell J and Wattenberg, Martin P},
	year = {2002}
}

@book{DeVries2020,
	title = {Political entrepreneurs: the rise of challenger parties in {Europe}},
	publisher = {Princeton University Press},
	author = {de Vries, Catherine E and Hobolt, Sara},
	year = {2020}
}

@article{Oesch2008,
	title = {Explaining workers' support for right--wing populist parties in {Western} {Europe}: {Evidence} from {Austria}, {Belgium}, {France}, {Norway}, and {Switzerland}},
	volume = {29},
	number = {3},
	journal = {International Political Science Review},
	author = {Oesch, Daniel},
	year = {2008},
	pages = {349--373}
}

@incollection{Boix2007,
	title = {The emergence of parties and party systems},
	booktitle = {The {Oxford} handbook of comparative politics},
	author = {Boix, Carles},
	year = {2007}
}

@book{Muller--Rommel2019,
	title = {New politics in Western Europe: The rise and success of green parties and alternative lists},
	publisher = {Routledge},
	author = {M{\"u}ller--Rommel, Ferdinand},
	year = {2019}
}

@article{MullerRommel1998,
	title = {{Explaining the electoral success of green parties: A cross--national analysis}},
	volume = {7},
	number = {4},
	journal = {Environmental Politics},
	author = {M{\"u}ller--Rommel, Ferdinand},
	year = {1998},
	pages = {145--154},
}

@article{Inglehart1971,
	title = {The silent revolution: Changing values and political styles in advanced industrial society},
	volume = {65},
	number = {4},
	journal = {American Political Science Review},
	author = {Inglehart, Ronald},
	year = {1971},
	pages = {991-1017},
}

@article{Bischof2019,
	title = {Do {Voters} {Polarize} {When} {Radical} {Parties} {Enter} {Parliament}?},
	journal = {American Journal of Political Science},
	author = {Bischof, Daniel and Wagner, Markus},
	year = {2019}
}

@article{Hutter2018,
	title = {Old versus new politics: {The} political spaces in {Southern} {Europe} in times of crises},
	volume = {24},
	number = {1},
	journal = {Party politics},
	author = {Hutter, Swen and Kriesi, Hanspeter and Vidal, Guillem},
	year = {2018},
	pages = {10--22}
}

@article{Hobolt2012,
	title = {When dimensions collide: {The} electoral success of issue entrepreneurs},
	volume = {13},
	number = {2},
	journal = {European Union Politics},
	author = {Hobolt, Sara B and De Vries, Catherine E},
	year = {2012},
	pages = {246--268}
}

@article{Chiaramonte2017,
	title = {Party system volatility, regeneration and de--institutionalization in {Western} {Europe} (1945--2015)},
	volume = {23},
	number = {4},
	journal = {Party politics},
	author = {Chiaramonte, Alessandro and Emanuele, Vincenzo},
	year = {2017},
	pages = {376--388}
}

@article{Ignazi1992,
	title = {The silent counter--revolution},
	volume = {22},
	number = {1},
	journal = {European Journal of Political Research},
	author = {Ignazi, Piero},
	year = {1992},
	pages = {3--34}
}

@book{Sartori1976,
	title = {Parties and party systems: {A} framework for analysis},
	publisher = {ECPR press},
	author = {Sartori, Giovanni},
	year = {1976}
}

@incollection{Kriesi2019,
	title = {Economic and political crises--the context of critical elections},
	booktitle = {European {Party} {Politics} in {Times} of {Crisis}},
	author = {Kriesi, Hanspeter and Hutter, Swen},
	year = {2019},
	pages = {33}
}

@article{Hooghe2018b,
	title = {Cleavage theory meets Europe's crises: {Lipset}, {Rokkan}, and the transnational cleavage},
	volume = {25},
	number = {1},
	journal = {Journal of European Public Policy},
	author = {Hooghe, Liesbet and Marks, Gary},
	year = {2018},
	pages = {109--135}
}

@incollection{Lipset1967a,
	title = {Cleavage structures, party systems, and voter alignments: an introduction},
	booktitle = {Party systems and voter alignments: {Cross}--national perspectives},
	publisher = {Free Press},
	author = {Lipset, Seymour Martin and Rokkan, Stein},
	year = {1967}
}

@article{Oesch2018,
	title = {Electoral competition in {Europe}'s new tripolar political space: {Class} voting for the left, centre--right and radical right},
	volume = {57},
	issn = {0304-4130},
	number = {4},
	journal = {European journal of political research},
	author = {Oesch, Daniel and Rennwald, Line},
	year = {2018},
	pages = {783--807}
}


@article{Betz1993,
	title = {{The new politics of resentment: radical right--wing populist parties in Western Europe}},
	journal = {Comparative politics},
	author = {Betz, Hans--George},
	year = {1993},
	pages = {413--427}
}

@article{Goldberg2020a,
	title = {The evolution of cleavage voting in four {Western} countries: {Structural}, behavioural or political dealignment?},
	volume = {59},
	number = {1},
	journal = {European Journal of Political Research},
	author = {Goldberg, Andreas C},
	year = {2020},
	pages = {68--90},
}

@article{Mudde2014,
	title = {{Fighting the system? Populist radical right parties and party system change}},
	volume = {20},
	number = {2},
	journal = {Party Politics},
	author = {Mudde, Cas},
	year = {2014},
	pages = {217--226},
}

@article{Zollinger2022,
	title = {Cleavage {Identities} in Voters' {Own} {Words}: {Harnessing} {Open}-{Ended} {Survey} {Responses}},
	journal = {American Journal of Political Science},
	author = {Zollinger, Delia},
	year = {2022},
	pages = {1--48},
}

@article{Valentim2020a,
	title = {Does {Party}--{System} {Fragmentation} {Affect} the {Quality} of {Democracy}?},
	journal = {British Journal of Political Science},
	author = {Valentim, Vicente and Dinas, Elias},
	year = {2023}
}

@article{carmines_structure_1986,
	title = {On the structure and sequence of issue evolution},
	volume = {80},
	number = {3},
	journal = {American Political Science Review},
	author = {Carmines, Edward G and Stimson, James A},
	year = {1986},
	pages = {901--920}
}

@article{benoit_duvergers_2006,
	title = {Duverger's law and the study of electoral systems},
	volume = {4},
	journal = {French Politics},
	author = {Benoit, Kenneth},
	year = {2006},
	pages = {69--83},
}

@article{riker_two-party_1982,
	title = {The two--party system and {Duverger}'s law: {An} essay on the history of political science},
	volume = {76},
	number = {4},
	journal = {American political science review},
	author = {Riker, William H},
	year = {1982},
	pages = {753--766}
}

@article{heath_why_2022,
	title = {Why {So} {Little} {Strategic} {Voting} in {India}?},
	volume = {116},
	number = {4},
	journal = {American Political Science Review},
	author = {Heath, Oliver and Ziegfeld, Adam},
	year = {2022},
	pages = {1523--1529},
}

@misc{canalejomolero_disruptive_2023,
	title = {Disruptive {Elections} and their {Implications} for {Satisfaction} with {Democracy}},
	author = {Canalejo-Molero, Álvaro},
	year = {2023},
}

% Not in the syllabus

@article{Camia2012,
author = {Camia, Valeria and Caramani, Daniele},
journal = {Comparative European Politics},
number = {1},
pages = {48--85},
title = {{Family meetings: Ideological convergence within party families across Europe, 1945–2009}},
volume = {10},
year = {2012}
}

@article{strom_behavioral_1990,
	title = {A behavioral theory of competitive political parties},
	journal = {American journal of political science},
	author = {Strom, Kaare},
	year = {1990},
	pages = {565--598}
}


@book{Downs1957,
	title = {An economic theory of democracy},
	publisher = {Harper and Row, 28},
	author = {Downs, Anthony},
	year = {1957},
	file = {Anthony Downs - An Economic Theory of Democracy (1957, Harper and Row) - libgen.li.pdf:C\:\\Users\\acana\\Dropbox\\Research\\Bibliography\\Scientific_books\\Anthony Downs - An Economic Theory of Democracy (1957, Harper and Row) - libgen.li.pdf:application/pdf},
}