
@book{Downs1957,
	title = {An economic theory of democracy},
	publisher = {Harper and Row, 28},
	author = {Downs, Anthony},
	year = {1957},
	file = {Anthony Downs - An Economic Theory of Democracy (1957, Harper and Row) - libgen.li.pdf:C\:\\Users\\acana\\Dropbox\\Research\\Bibliography\\Scientific_books\\Anthony Downs - An Economic Theory of Democracy (1957, Harper and Row) - libgen.li.pdf:application/pdf},
}
